@misc{Asimov1978,
    title = {{                            The                            Collapsing                            Universe                          }},
    year = {1979},
    booktitle = {American Journal of Physics},
    author = {Asimov, Isaac and Harrison, E. R.},
    number = {2},
    pages = {205--206},
    volume = {47},
    publisher = {London : Corgi},
    address = {London},
    doi = {10.1119/1.11940},
    issn = {0002-9505},
    keywords = {Black holes (Astronomy)}
}

@article{Capuzzo-DolcettaIstitutoAstronomico,
    title = {{A comparison between Fast Multipole Algorithm and Tree-Code to evaluate gravitational forces in 3-D}},
    author = {Capuzzo-Dolcetta Istituto Astronomico, R and Sapienza, La and Miocchi, P}
}

@article{Tornberg2008,
    title = {{A fast multipole method for the three-dimensional Stokes equations}},
    year = {2008},
    journal = {Journal of Computational Physics},
    author = {Tornberg, Anna Karin and Greengard, Leslie},
    number = {3},
    month = {1},
    pages = {1613--1619},
    volume = {227},
    publisher = {Academic Press},
    doi = {10.1016/J.JCP.2007.06.029},
    issn = {0021-9991}
}

@article{Cortez2015,
    title = {{A general system of images for regularized Stokeslets and other elements near a plane wall}},
    year = {2015},
    journal = {Journal of Computational Physics},
    author = {Cortez, Ricardo and Varela, Douglas},
    month = {3},
    pages = {41--54},
    volume = {285},
    publisher = {Academic Press},
    doi = {10.1016/J.JCP.2015.01.019},
    issn = {0021-9991},
    keywords = {Method of images, Stokes flow, Stokeslet}
}

@article{Barnes1986,
    title = {{A hierarchical O(N log N) force-calculation algorithm}},
    year = {1986},
    journal = {Nature 1986 324:6096},
    author = {Barnes, Josh and Hut, Piet},
    number = {6096},
    pages = {446--449},
    volume = {324},
    publisher = {Nature Publishing Group},
    url = {https://www.nature.com/articles/324446a0},
    doi = {10.1038/324446a0},
    issn = {1476-4687},
    keywords = {Humanities and Social Sciences, Science, multidisciplinary}
}

@article{Ying2005,
    title = {{A kernel independent fast multipole algorithm for radial basis functions}},
    year = {2005},
    author = {Ying, Lexing},
    url = {www.elsevier.com/locate/jcp},
    doi = {10.1016/j.jcp.2005.09.010},
    keywords = {Fast multipole method, Kernel independency, Multiscale method, Radial basis functions}
}

@article{Ying2004,
    title = {{A kernel-independent adaptive fast multipole algorithm in two and three dimensions}},
    year = {2004},
    journal = {Journal of Computational Physics},
    author = {Ying, Lexing and Biros, George and Zorin, Denis},
    number = {2},
    month = {5},
    pages = {591--626},
    volume = {196},
    publisher = {Academic Press},
    doi = {10.1016/J.JCP.2003.11.021},
    issn = {0021-9991},
    keywords = {Double-layer potential, Fast multipole methods, Fast solvers, Integral equations, N-body problems, Particle methods, Single-layer potential}
}

@article{Wang2020,
    title = {{A Kernel-Independent Treecode Based on Barycentric Lagrange Interpolation}},
    year = {2020},
    journal = {Commun. Comput. Phys},
    author = {Wang, Lei and Krasny, Robert and Tlupova, Svetlana},
    number = {4},
    pages = {1415--1436},
    volume = {28},
    url = {http://www.global-sci.com/cicp},
    doi = {10.4208/cicp.OA-2019-0177},
    keywords = {76D07 Key words: Treecode, AMS subject classifications: 65D99, Chebyshev points, barycentric Lagrange interpolation, regularized Stokeslets, scale-invariance}
}

@article{Beatson,
    title = {{A short course on fast multipole methods}},
    author = {Beatson, Rick and Greengard, Leslie}
}

@misc{RozikovUtkirA.2019Aitm,
    title = {{An introduction to mathematical billiards / Utkir A. Rozikov.}},
    year = {2019},
    author = {Rozikov, Utkir A},
    isbn = {9789813276468},
    keywords = {Differentiable dynamical systems; Billiards}
}

@article{Hasbestan,
    title = {{Binarized octree generation for Cartesian adaptive mesh refinement around immersed geometries}},
    author = {Hasbestan, Jaber J and Senocak, Inanc},
    arxivId = {1712.00408v1},
    keywords = {AMR, Hash table, Octree, Red-black tree, Z-order curve}
}

@misc{Unknown,
    title = {{Black holes}},
    year = {1988},
    booktitle = {Index on Censorship},
    author = {{\v{S}}ime{\v{c}}ka, Milan},
    number = {5},
    pages = {52--56},
    volume = {17},
    url = {https://pitp.phas.ubc.ca/quant_lect/2014/GR100/bhole.html},
    doi = {10.1080/03064228808534431},
    issn = {17466067}
}

@book{Thorne1995,
    title = {{Black holes and time warps : Einstein's outrageous legacy / Kip S. Thorne.}},
    year = {1995},
    author = {Thorne, Kip S (Kip Stephen)},
    editor = {Program, Commonwealth Fund. Book},
    pages = {483--492},
    publisher = {London : Papermac},
    address = {London},
    keywords = {Relativity (Physics)}
}

@book{BanksJohn2003C:am,
    title = {{Chaos A Mathematical Introduction}},
    year = {2003},
    author = {Banks, John and Dragan, Valentina and Jones, Arthur},
    pages = {501,524},
    series = {Australian Mathematical Society lecture series ; 18},
    isbn = {1-139-17456-8},
    keywords = {Chaotic behavior, Differentiable dynamical systems}
}

@book{.CvitanovicR.ArtusoR.Mainieria,
    title = {{CHAOS Book}},
    booktitle = {(Niels Bohr Institute, Copenhagen 2016)},
    author = {. Cvitanovi'c, R. Artuso, R. Mainieri, G. Tanner and G. Vattay},
    url = {http://chaosbook.org/version14/chapters/ChaosBook.pdf}
}

@book{AlligoodKathleenT1996Cer:,
    title = {{Chaos [electronic resource] : An Introduction to Dynamical Systems / by Kathleen T. Alligood, Tim D. Sauer, James A. Yorke.}},
    year = {1996},
    author = {Alligood, Kathleen T},
    series = {Textbooks in Mathematical Sciences},
    isbn = {1-280-14565-X},
    keywords = {Global analysis (Mathematics); Statistical physics}
}

@misc{MoonFrancisC.1992Cafd,
    title = {{Chaotic and fractal dynamics : an introduction for applied scientists and engineers / Francis C. Moon.}},
    year = {1992},
    author = {Moon, Francis C},
    pages = {29, 38, 135},
    publisher = {Wiley},
    address = {New York ; Chichester},
    isbn = {0471545716}
}

@article{Chianese2017,
    title = {{Characterising exotic matter driving wormholes}},
    year = {2017},
    journal = {The European Physical Journal Plus},
    author = {Chianese, Marco and Di Grezia, Elisabetta and Manfredonia, Mattia and Miele, Gennaro},
    number = {4},
    pages = {164},
    volume = {132},
    url = {https://doi.org/10.1140/epjp/i2017-11475-y},
    doi = {10.1140/epjp/i2017-11475-y},
    issn = {2190-5444}
}

@article{Einstein1916,
    title = {{Die Grundlage der allgemeinen Relativit{\"{a}}tstheorie}},
    year = {1916},
    journal = {Annalen der Physik},
    author = {Einstein, A},
    number = {7},
    month = {1},
    pages = {769--822},
    volume = {354},
    publisher = {John Wiley {\&} Sons, Ltd},
    url = {https://doi.org/10.1002/andp.19163540702},
    isbn = {1521-3889},
    doi = {10.1002/andp.19163540702},
    issn = {15213889},
    pmid = {168842}
}

@book{SmithPeter1998Ecer,
    title = {{Explaining chaos [electronic resource] / Peter Smith.}},
    year = {1998},
    author = {Smith, Peter},
    publisher = {Cambridge University Press},
    address = {Cambridge ; New York},
    isbn = {0-511-55454-0},
    keywords = {Chaotic behavior in systems; Electronic books}
}

@article{Hiscock2002,
    title = {{From wormholes to the warp drive: Using theoretical physics to place ultimate bounds on technology}},
    year = {2002},
    journal = {Phi Kappa Phi Forum},
    author = {Hiscock, William A},
    number = {4},
    pages = {10--15},
    volume = {82},
    publisher = {National Forum: Phi Kappa Phi Journal},
    url = {https://search.proquest.com/docview/235177890?accountid=8630 https://birmingham-primo.hosted.exlibrisgroup.com/openurl/44BIR/44BIR_Services?genre=article&issn=15385914&title=From+wormholes+to+the+warp+drive%3A+Using+theoretical+physics+to+place+ultimate+b},
    address = {Baton Rouge},
    issn = {15385914},
    keywords = {College And Alumni, Energy, Gravity, Matter {\&} antimatter, Physicists, Quantum theory},
    language = {English}
}

@misc{TabachnikovSerge2005Gab/,
    title = {{Geometry and billiards / Serge Tabachnikov.}},
    year = {2005},
    author = {Tabachnikov, Serge},
    series = {Student mathematical library ; v.30},
    publisher = {American Mathematical Society : Mathematics Advanced Study Semesters},
    address = {Providence, R.I.},
    isbn = {0821839195},
    keywords = {Billiards -- Research; Calculus of variations -- R}
}

@article{PhysRevLett.11.237,
    title = {{Gravitational Field of a Spinning Mass as an Example of Algebraically Special Metrics}},
    year = {1963},
    journal = {Phys. Rev. Lett.},
    author = {Kerr, Roy P},
    number = {5},
    month = {9},
    pages = {237--238},
    volume = {11},
    publisher = {American Physical Society},
    url = {https://link.aps.org/doi/10.1103/PhysRevLett.11.237},
    doi = {10.1103/PhysRevLett.11.237}
}

@article{Gaburov2010,
    title = {{Gravitational tree-code on graphics processing units: implementation in CUDA}},
    year = {2010},
    journal = {Procedia Computer Science},
    author = {Gaburov, Evghenii and B{\'{e}}dorf, Jeroen and Zwart, Simon Portegies},
    number = {1},
    month = {5},
    pages = {1119--1127},
    volume = {1},
    publisher = {Elsevier B.V.},
    url = {https://arxiv.org/abs/1005.5384v1},
    doi = {10.1016/j.procs.2010.04.124},
    arxivId = {1005.5384},
    keywords = {CUDA, GPU, Gravity, Parallel, Tree-code}
}

@misc{Nolan2014,
    title = {{Interstellar}},
    year = {2014},
    author = {Nolan, C.},
    publisher = {Paramount Pictures, Warner Bros. , Legendary Entertainment},
    url = {https://www.imdb.com/title/tt0816692}
}

@article{Yan,
    title = {{Kernel aggregated fast multipole method Efficient summation of Laplace and Stokes kernel functions}},
    author = {Yan, Wen and Blackwell, Robert and Chaillat, Stephanie and Gillman, Adrianna and Martinsson, Per-Gunnar and Kropinski, Mary-Catherine and Betcke, Timo and Barnett Wen Yan wyan, Alex},
    url = {https://doi.org/10.1007/s10444-021-09896-1},
    doi = {10.1007/s10444-021-09896-1},
    keywords = {Fast multipole method, Periodic boundary conditions, Stokeslet}
}

@book{CoffeyWilliam2012TLe:,
    title = {{Langevin Equation, The: With Applications To Stochastic Problems In Physics, Chemistry And Electrical Engineering (Fourth Edition)}},
    year = {2017},
    author = {William T Coffey, Yuri P Kalmykov},
    edition = {3rd ed.},
    number = {May},
    series = {World Scientific series in contemporary chemical physics ; v. 27},
    url = {https://books.google.co.jp/books?id=xOytDgAAQBAJ},
    isbn = {9789813222014},
    doi = {10.1142/10490},
    keywords = {Brownian motion processes, Langevin equations}
}

@article{Zhao2019,
    title = {{Method of regularized stokeslets: Flow analysis and improvement of convergence}},
    year = {2019},
    journal = {Physical Review Fluids},
    author = {Zhao, Boan and Lauga, Eric and Koens, Lyndon},
    number = {8},
    month = {8},
    volume = {4},
    publisher = {American Physical Society},
    url = {https://arxiv.org/abs/1908.08153v1},
    doi = {10.1103/PhysRevFluids.4.084104},
    issn = {2469990X},
    arxivId = {1908.08153}
}

@misc{Strogatz2015,
    title = {{Nonlinear dynamics and chaos : with applications to physics, biology, chemistry, and engineering / Steven H. Strogatz.}},
    year = {2015},
    author = {Strogatz, Steven H (Steven Henry)},
    edition = {Second edi},
    pages = {360--373},
    publisher = {Boulder, CO : Westview Press},
    address = {Boulder, CO},
    keywords = {Chaotic behavior in systems, Dynamics, Nonlinear theories}
}

@article{Hawking1975,
    title = {{Particle creation by black holes}},
    year = {1975},
    journal = {Communications in Mathematical Physics},
    author = {Hawking, S W},
    number = {3},
    pages = {199--220},
    volume = {43},
    url = {https://doi.org/10.1007/BF02345020},
    doi = {10.1007/BF02345020},
    issn = {1432-0916}
}

@article{Gallagher2020,
    title = {{Passively parallel regularized stokeslets}},
    year = {2020},
    journal = {Philosophical Transactions of the Royal Society A},
    author = {Gallagher, Meurig T. and Smith, David J.},
    number = {2179},
    month = {9},
    volume = {378},
    publisher = {The Royal Society Publishing},
    url = {https://royalsocietypublishing.org/doi/abs/10.1098/rsta.2019.0528},
    doi = {10.1098/RSTA.2019.0528},
    keywords = {GPU, cilia, flagella, regularized stokeslets}
}

@article{Obousy2008,
    title = {{Putting the Warp into Warp Drive}},
    year = {2008},
    journal = {Spaceflight},
    author = {Obousy, Richard K and Cleaver, Gerald},
    number = {4},
    month = {7},
    volume = {50},
    publisher = {Cornell University Library, arXiv.org},
    url = {http://arxiv.org/abs/0807.1957},
    address = {Ithaca},
    issn = {<null>},
    arxivId = {0807.1957},
    language = {English}
}

@book{Stannard2008a,
    title = {{Relativity : a very short introduction / by Russell Stannard.}},
    year = {2008},
    author = {Stannard, Russell},
    pages = {79--95},
    publisher = {Oxford : Oxford University Press},
    address = {Oxford},
    keywords = {Relativity (Physics)}
}

@article{Flamm2015,
    title = {{Republication of: Contributions to Einstein’s theory of gravitation}},
    year = {2015},
    journal = {General Relativity and Gravitation},
    author = {Flamm, Ludwig},
    number = {6},
    pages = {72},
    volume = {47},
    url = {https://doi.org/10.1007/s10714-015-1908-2},
    doi = {10.1007/s10714-015-1908-2},
    issn = {1572-9532}
}

@article{Regge1957,
    title = {{Stability of a schwarzschild singularity}},
    year = {1957},
    journal = {Physical Review},
    author = {Regge, T and Wheeler, J A},
    number = {4},
    pages = {1063--1069},
    volume = {108},
    doi = {10.1103/PhysRev.108.1063},
    issn = {0031899X}
}

@misc{Frakes1996,
    title = {{Star Trek: First Contact}},
    year = {1996},
    author = {Frakes, J.},
    publisher = {Digital Image Associates, Paramount Pictures},
    url = {https://www.imdb.com/title/tt0117731/}
}

@article{Gallagher2021,
    title = {{The art of coarse Stokes: Richardson extrapolation improves the accuracy and efficiency of the method of regularized stokeslets}},
    year = {2021},
    journal = {Royal Society Open Science},
    author = {Gallagher, M. T. and Smith, D. J.},
    number = {5},
    month = {1},
    volume = {8},
    publisher = {Royal Society Publishing},
    url = {https://arxiv.org/abs/2101.09286v2},
    doi = {10.1098/rsos.210108},
    issn = {20545703},
    arxivId = {2101.09286},
    keywords = {Stokes flow, biological fluid dynamics, stokeslets}
}

@article{Cortez2001,
    title = {{The Method of Regularized Stokeslets}},
    year = {2001},
    journal = {Article in SIAM Journal on Scientific Computing},
    author = {Cortez, Ricardo and Sci Comput, Siam J},
    number = {4},
    pages = {1204--1225},
    volume = {23},
    url = {http://www.siam.org/journals/sisc/23-4/38146.html},
    doi = {10.1137/S106482750038146X},
    keywords = {65D32, 65M99, Stokes flow, immersed boundaries AMS subject classifications 76}
}

@article{Cortez2005,
    title = {{The method of regularized Stokeslets in three dimensions: Analysis, validation, and application to helical swimming}},
    year = {2005},
    journal = {Physics of Fluids},
    author = {Cortez, Ricardo and Fauci, Lisa and Medovikov, Alexei},
    number = {3},
    month = {2},
    pages = {031504},
    volume = {17},
    publisher = {American Institute of PhysicsAIP},
    url = {https://aip.scitation.org/doi/abs/10.1063/1.1830486},
    doi = {10.1063/1.1830486},
    issn = {1070-6631},
    keywords = {biological fluid dynamics, cell motility, microorganisms, non-Newtonian fluids, pipe flow, rotational flow}
}

@article{Einstein1935,
    title = {{The Particle Problem in the General Theory of Relativity}},
    year = {1935},
    journal = {Physical Review},
    author = {Einstein, A and Rosen, N},
    number = {1},
    month = {7},
    pages = {73--77},
    volume = {48},
    publisher = {American Physical Society},
    url = {https://link.aps.org/doi/10.1103/PhysRev.48.73},
    doi = {10.1103/PhysRev.48.73},
    issn = {0031-899X}
}

@article{Alcubierre1994,
    title = {{The warp drive: Hyper-fast travel within general relativity}},
    year = {1994},
    journal = {Classical and Quantum Gravity},
    author = {Alcubierre, Miguel},
    number = {5},
    month = {9},
    volume = {11},
    url = {http://arxiv.org/abs/gr-qc/0009013 http://dx.doi.org/10.1088/0264-9381/11/5/001},
    isbn = {0264-9381},
    doi = {10.1088/0264-9381/11/5/001},
    issn = {02649381},
    arxivId = {gr-qc/0009013}
}

@article{Gao2017,
    title = {{Traversable wormholes via a double trace deformation}},
    year = {2017},
    journal = {Journal of High Energy Physics},
    author = {Gao, Ping and Jafferis, Daniel Louis and Wall, Aron C},
    number = {12},
    pages = {151},
    volume = {2017},
    url = {https://doi.org/10.1007/JHEP12(2017)151},
    doi = {10.1007/JHEP12(2017)151},
    issn = {1029-8479}
}

@article{Yokota,
    title = {{Treecode and fast multipole method for N-body simulation with CUDA}},
    author = {Yokota, Rio and Barba, Lorena A},
    arxivId = {1010.1482v1}
}

@article{PhysRev.48.73,
    title = {{{\"{U}} about the gravitational field of a mass point according to Einstein's theory}},
    year = {1916},
    journal = {Sessions of the Royal Prussian Academy of Sciences (Berlin), 1916, pages 189-196},
    author = {Schwarzschild, K},
    url = {http://adsabs.harvard.edu/abs/1916SPAW.......189S}
}

@article{1988PhRvL..61.1446M,
    title = {{Wormholes, time machines, and the weak energy condition}},
    year = {1988},
    journal = {Physical Review Letters},
    author = {Morris, M.~S. and Thorne, K.~S. and Yurtsever, U},
    month = {9},
    pages = {1446--1449},
    volume = {61},
    doi = {10.1103/PhysRevLett.61.1446},
    keywords = {Cauchy Problem, Interstellar Travel, Quantum Theory, Space-Time Functions, Weak Interactions (Field Theory)}
}

@article{Nagel1992ATraffic,
    title = {{A cellular automaton model for freeway traffic}},
    year = {1992},
    journal = {Journal de Physique I},
    author = {Nagel, Kai and Schreckenberg, Michael},
    number = {12},
    volume = {2},
    url = {https://hal.archives-ouvertes.fr/jpa-00246697},
    doi = {10.1051/jp1:1992277{\"{i}}},
    issn = {2221-2229}
}

@article{Wang2007AEquations,
    title = {{A parallel fast multipole accelerated integral equation scheme for 3D Stokes equations}},
    year = {2007},
    journal = {International Journal for Numerical Methods in Engineering},
    author = {Wang, Haitao and Lei, Ting and Li, Jin and Huang, Jingfang and Yao, Zhenhan},
    number = {7},
    month = {5},
    pages = {812--839},
    volume = {70},
    publisher = {John Wiley {\&} Sons, Ltd},
    url = {https://onlinelibrary.wiley.com/doi/full/10.1002/nme.1910 https://onlinelibrary.wiley.com/doi/abs/10.1002/nme.1910 https://onlinelibrary.wiley.com/doi/10.1002/nme.1910},
    doi = {10.1002/NME.1910},
    issn = {1097-0207},
    keywords = {Stokes equations, diagonal translation, fast multipole method, integral equation method, parallel computing, preconditioner}
}

@article{Beatson1997AMethods,
    title = {{A short course on fast multipole methods}},
    year = {1997},
    journal = {New York},
    author = {Beatson, Rick},
    pages = {1–37},
    url = {http://citeseerx.ist.psu.edu/viewdoc/download?doi=10.1.1.129.7826&amp;rep=rep1&amp;type=pdf}
}

@article{Fornberg2007ASphere,
    title = {{A Stable Algorithm for Flat Radial Basis Functions on a Sphere}},
    year = {2007},
    journal = {http://dx.doi.org/10.1137/060671991},
    author = {Fornberg, Bengt and Piret, Cécile},
    number = {1},
    month = {11},
    pages = {60--80},
    volume = {30},
    publisher = {Society for Industrial and Applied Mathematics},
    url = {http://www.siam.org/journals/sisc/30-1/67199.html},
    doi = {10.1137/060671991},
    issn = {10648275},
    keywords = {65D15, 65F22, RBF, radial basis functions, shape parameter, sphere, spherical harmonics}
}

@article{Jabari2012AFoundations,
    title = {{A stochastic model of traffic flow: Theoretical foundations}},
    year = {2012},
    journal = {Transportation Research Part B: Methodological},
    author = {Jabari, Saif Eddin and Liu, Henry X.},
    number = {1},
    month = {1},
    pages = {156--174},
    volume = {46},
    publisher = {Pergamon},
    doi = {10.1016/j.trb.2011.09.006},
    issn = {01912615},
    keywords = {Cell transmission, Counting processes, Fluid limit, Random time headways, Stochastic traffic flow}
}

@article{Sierou2001AcceleratedSimulations,
    title = {{Accelerated Stokesian Dynamics simulations}},
    year = {2001},
    journal = {Journal of Fluid Mechanics},
    author = {Sierou, A. and Brady, J. F.},
    pages = {115--146},
    volume = {448},
    doi = {10.1017/s0022112001005912},
    issn = {00221120}
}

@article{Burrage2009AccurateEquations,
    title = {{Accurate stationary densities with partitioned numerical methods for stochastic differential equations}},
    year = {2009},
    journal = {SIAM Journal on Numerical Analysis},
    author = {Burrage, Kevin and Lythe, Grant},
    number = {3},
    pages = {1601--1618},
    volume = {47},
    doi = {10.1137/060677148},
    keywords = {Damped harmonic oscillators with noise, Leapfrog methods, Stationary distribution, Stochastic Runge Kutta methods}
}

@article{Burrage2009AccurateEquationsb,
    title = {{Accurate Stationary Densities with Partitioned Numerical Methods for Stochastic Differential Equations}},
    year = {2009},
    journal = {http://dx.doi.org/10.1137/060677148},
    author = {Burrage, Kevin and Lythe, Grant},
    number = {3},
    month = {4},
    pages = {1601--1618},
    volume = {47},
    publisher = {Society for Industrial and Applied Mathematics},
    url = {http://www.siam.org/journals/sinum/47-3/67714.html},
    doi = {10.1137/060677148},
    keywords = {60-08, 65c30, damped harmonic oscillators with noise, leapfrog methods, stationary distribution, stochastic Runge–Kutta methods}
}

@misc{Jones2011AdaptiveSystems,
    title = {{Adaptive stochastic methods for sampling driven molecular systems}},
    year = {2011},
    booktitle = {Journal of Chemical Physics},
    author = {Jones, Andrew and Leimkuhler, Ben},
    number = {8},
    pages = {84125},
    volume = {135},
    url = {https://doi.org/10.1063/1.3626941},
    isbn = {10.1063/1.448118},
    doi = {10.1063/1.3626941},
    issn = {00219606}
}

@article{Wang2006AlgorithmsSimulation,
    title = {{Algorithms in FastStokes and its application to micromachined device simulation}},
    year = {2006},
    journal = {IEEE Transactions on Computer-Aided Design of Integrated Circuits and Systems},
    author = {Wang, Xin and Kanapka, Joe and Ye, Wenjing and Aluru, Narayan R. and White, Jacob},
    number = {2},
    month = {2},
    pages = {248--257},
    volume = {25},
    doi = {10.1109/TCAD.2005.855938},
    issn = {02780070},
    keywords = {Boundary element method (BEM), FastStokes, Fluid, Microelectromechanical systems (MEMS), Simulation, Stokes flow}
}

@article{Skeel2002AnDynamics,
    title = {{An impulse integrator for Langevin dynamics}},
    year = {2002},
    journal = {Molecular Physics},
    author = {Skeel, Robert D and Izaguirre, Jesüs A and Izaguirre, Jesus A},
    number = {24},
    pages = {3885--3891},
    volume = {100},
    url = {https://www.tandfonline.com/action/journalInformation?journalCode=tmph20},
    isbn = {24,38853891},
    doi = {10.1080/0026897021000018321},
    issn = {1362-3028}
}

@article{Pozrikidis1992BoundaryFlow,
    title = {{Boundary Integral and Singularity Methods for Linearized Viscous Flow}},
    year = {1992},
    journal = {Boundary Integral and Singularity Methods for Linearized Viscous Flow},
    author = {Pozrikidis, C.},
    month = {2},
    publisher = {Cambridge University Press},
    url = {https://www-cambridge-org.ezproxye.bham.ac.uk/core/books/boundary-integral-and-singularity-methods-for-linearized-viscous-flow/219AA1CE5DE05AE67096EA59692E25B3},
    isbn = {9780521406932},
    doi = {10.1017/CBO9780511624124}
}

@misc{BaezBunimovichInsight,
    title = {{Bunimovich Stadium | Visual Insight}},
    author = {Baez, John},
    url = {https://blogs.ams.org/visualinsight/2016/11/15/bunimovich-stadium/}
}

@book{Banks2003Chaos,
    title = {{Chaos}},
    year = {2003},
    author = {Banks, John and Dragan, Valentina and Jones, Arthur},
    pages = {46, 57, 144},
    publisher = {Cambridge University Press},
    url = {http://ebooks.cambridge.org/ref/id/CBO9781139174565},
    address = {Cambridge},
    isbn = {9781139174565},
    doi = {10.1017/CBO9781139174565}
}

@book{Smith2007Chaos:Introduction,
    title = {{Chaos: A Very Short Introduction}},
    year = {2007},
    booktitle = {<h>Chaos</h>},
    author = {Smith, Leonard},
    pages = {44--49},
    publisher = {Oxford University Press},
    address = {Oxford},
    isbn = {9780192853783},
    keywords = {Chaotic behavior in systems, Differentiable dynamical systems, Popular works},
    language = {eng}
}

@article{Cahalan1990ChaoticFaucet,
    title = {{Chaotic Rhythms of a Dripping Faucet}},
    year = {1990},
    journal = {Computers in Physics},
    author = {Cahalan, Robert F. and Leidecker, Henning and Cahalan, Gabriel D.},
    number = {4},
    pages = {368},
    volume = {4},
    url = {http://scitation.aip.org/content/aip/journal/cip/4/4/10.1063/1.4822928},
    doi = {10.1063/1.4822928},
    issn = {08941866}
}

@article{Kerner1993ClusterHow,
    title = {{Cluster eKect in initially homogeneous tra{\%}c How}},
    year = {1993},
    journal = {PHYSICAL REVIEW E VOLUME},
    author = {Kerner, B S and Konhauser, P},
    number = {4},
    volume = {48}
}

@article{Kopera2018ComputingApproach,
    title = {{Computing the 3D Radial Distribution Function from Particle Positions: An Advanced Analytic Approach}},
    year = {2018},
    journal = {Analytical Chemistry},
    author = {Kopera, Bernd A.F. and Retsch, Markus},
    number = {23},
    month = {12},
    pages = {13909--13914},
    volume = {90},
    publisher = {American Chemical Society},
    url = {https://pubs.acs.org/doi/full/10.1021/acs.analchem.8b03157},
    doi = {10.1021/acs.analchem.8b03157},
    issn = {15206882},
    pmid = {30403841}
}

@article{Melchionna2007DesignDynamics,
    title = {{Design of quasisymplectic propagators for Langevin dynamics}},
    year = {2007},
    journal = {Journal of Chemical Physics},
    author = {Melchionna, Simone},
    number = {4},
    volume = {127},
    url = {https://aip.scitation.org/doi/10.1063/1.2753496},
    doi = {10.1063/1.2753496},
    issn = {00219606},
    arxivId = {0705.1844}
}

@article{Bando1995DynamicalSimulation,
    title = {{Dynamical model of traffic congestion and numerical simulation}},
    year = {1995},
    journal = {PHYSICAL REVIEW E},
    author = {Bando, M and Hasebe, K and Nakayama, A and Shibata Xagoya University, A and Sugiyarna, J-apan Y},
    number = {2},
    volume = {51}
}

@article{Rostami2019FastBiofluids,
    title = {{Fast algorithms for large dense matrices with applications to biofluids}},
    year = {2019},
    journal = {undefined},
    author = {Rostami, Minghao W. and Olson, Sarah D.},
    month = {10},
    pages = {364--384},
    volume = {394},
    publisher = {Academic Press Inc.},
    doi = {10.1016/J.JCP.2019.05.042},
    issn = {10902716},
    keywords = {Cilia, GMRES, Kernel-independent fast multipole method, Krylov subspace recycling, Preconditioner, Regularized Stokeslets}
}

@article{Saad1986GMRES:Systems,
    title = {{GMRES: A Generalized Minimal Residual Algorithm for Solving Nonsymmetric Linear Systems}},
    year = {1986},
    journal = {SIAM Journal on Scientific and Statistical Computing},
    author = {Saad, Youcef and Schultz, Martin H},
    number = {3},
    pages = {856--869},
    volume = {7},
    doi = {10.1137/0907058},
    issn = {0196-5204},
    keywords = {Krylor subspaces, conjugate gradient, descent methods, minimal residual methods AMS(MOS) subject classifi, nonsymmetric systems}
}

@article{Saintillan2005InstabilitiesSuspensions,
    title = {{Instabilities, pattern formation, and mixing in active suspensions}},
    year = {2005},
    journal = {Brownian dynamics with hydrodynamic interactions The Journal of Chemical Physics},
    author = {Saintillan, David and Darve, Eric and Shaqfeh, Eric S G},
    pages = {1352},
    volume = {17},
    url = {https://doi.org/10.1063/1.1862262},
    doi = {10.1063/1.1862262}
}

@article{Resnick2013IntroductionPozrikidis,
    title = {{Introduction to Theoretical and Computational Fluid Dynamics, 2nd edn., by Constantine Pozrikidis}},
    year = {2013},
    journal = {Contemporary Physics},
    author = {Resnick, Andrew},
    number = {1},
    month = {2},
    pages = {80--81},
    volume = {54},
    publisher = {Informa UK Limited},
    doi = {10.1080/00107514.2013.770069},
    issn = {0010-7514}
}

@techreport{Shoemaker2019JamesSpring,
    title = {{James Madison University JMU Scholarly Commons Senior Honors Projects, 2010-current Honors College Spring}},
    year = {2019},
    author = {Shoemaker, Randal},
    url = {https://commons.lib.jmu.edu/honors201019}
}

@article{Rostami2016Kernel-independentStokeslets,
    title = {{Kernel-independent fast multipole method within the framework of regularized Stokeslets}},
    year = {2016},
    journal = {Journal of Fluids and Structures},
    author = {Rostami, Minghao W. and Olson, Sarah D.},
    month = {11},
    pages = {60--84},
    volume = {67},
    publisher = {Academic Press},
    url = {https://www.researchgate.net/publication/308738282_Kernel-independent_fast_multipole_method_within_the_framework_of_regularized_Stokeslets},
    doi = {10.1016/J.JFLUIDSTRUCTS.2016.07.006},
    issn = {10958622},
    keywords = {Fast multipole method, Fluid–structure interaction, Kernel-independent, Kirchhoff rod, Regularized Stokeslets}
}

@article{Bouzarth2011ModelingStokeslets,
    title = {{Modeling slender bodies with the method of regularized Stokeslets}},
    year = {2011},
    journal = {Journal of Computational Physics},
    author = {Bouzarth, Elizabeth L. and Minion, Michael L.},
    number = {10},
    month = {5},
    pages = {3929--3947},
    volume = {230},
    publisher = {{\\\}		Academic Press Professional, Inc.{\\\}		PUB19{\\\}		San Diego, CA, USA{\\\}	},
    url = {https://dl.acm.org/doi/abs/10.1016/j.jcp.2011.02.017},
    doi = {10.1016/J.JCP.2011.02.017},
    issn = {10902716},
    keywords = {Immersed boundary, Regularized Stokeslets, Stokes flow}
}

@incollection{Leimkuhler2015MolecularMethods,
    title = {{Molecular dynamics: With deterministic and stochastic numerical methods}},
    year = {2015},
    booktitle = {Interdisciplinary Applied Mathematics},
    author = {Leimkuhler, Benedict and Matthews, Charles},
    pages = {1--443},
    volume = {39},
    url = {https://www.springer.com/gp/book/9783319163741},
    doi = {10.1007/978-3-319-16375-8},
    issn = {21969973}
}

@article{SastryMolecularEdition,
    title = {{Molecular Modeling and Simulation: An Interdisciplinary Guide (Interdisciplinary Applied Mathematics, Volume 21), 2nd Edition}},
    author = {Sastry, S S and Krishnaprasad, P S},
    url = {http://www.springer.com/series/1390},
    doi = {10.1007/978-1-4419-6351-2}
}

@book{Mazenko2008NonequilibriumMechanics,
    title = {{Nonequilibrium Statistical Mechanics}},
    year = {2008},
    booktitle = {Nonequilibrium Statistical Mechanics},
    author = {Mazenko, Gene F.},
    pages = {1--478},
    publisher = {Oxford University Press, Incorporated},
    url = {http://ebookcentral.proquest.com/lib/bham/detail.action?docID=281466},
    address = {Cary, UNITED STATES},
    isbn = {3527406484},
    doi = {10.1002/9783527618958},
    keywords = {Mathematical physics., Nonequilibrium statistical mechanics.}
}

@book{Mazenko2008NonequilibriumMechanicsb,
    title = {{Nonequilibrium Statistical Mechanics}},
    year = {2008},
    booktitle = {Nonequilibrium Statistical Mechanics},
    author = {Mazenko, Gene F.},
    pages = {1--478},
    publisher = {Oxford University Press, Incorporated},
    url = {http://ebookcentral.proquest.com/lib/bham/detail.action?docID=281466},
    address = {Cary, UNITED STATES},
    isbn = {3527406484},
    doi = {10.1002/9783527618958},
    keywords = {Mathematical physics., Nonequilibrium statistical mechanics.}
}

@book{Zwanzig2001NonequilibriumMechanics,
    title = {{Nonequilibrium Statistical Mechanics}},
    year = {2001},
    author = {Zwanzig, Robert},
    publisher = {Oxford University Press, Incorporated},
    url = {http://ebookcentral.proquest.com/lib/bham/detail.action?docID=281466},
    address = {Cary, UNITED STATES},
    isbn = {9780198032151},
    doi = {10.1073/pnas.1412827111},
    keywords = {Mathematical physics., Nonequilibrium statistical mechanics.}
}

@techreport{TuraevNumericalBilliards,
    title = {{Numerical Experiments in Billiards}},
    author = {Turaev, Michael},
    url = {http://uu.diva-portal.org/smash/get/diva2:908119/FULLTEXT01.pdf}
}

@article{Baczewski2013NumericalKernel,
    title = {{Numerical integration of the extended variable generalized Langevin equation with a positive Prony representable memory kernel}},
    year = {2013},
    journal = {The Journal of Chemical Physics},
    author = {Baczewski, Andrew D. and Bond, Stephen D.},
    number = {4},
    month = {7},
    pages = {044107},
    volume = {139},
    publisher = {American Institute of PhysicsAIP},
    url = {https://aip.scitation.org/doi/abs/10.1063/1.4815917},
    doi = {10.1063/1.4815917},
    issn = {0021-9606},
    keywords = {error analysis, integration, molecular dynamics method, numerical stability, physics computing}
}

@article{Bayram2018NumericalEquations,
    title = {{Numerical methods for simulation of stochastic differential equations}},
    year = {2018},
    journal = {Advances in Difference Equations 2018 2018:1},
    author = {Bayram, Mustafa and Partal, Tugcem and Orucova Buyukoz, Gulsen},
    number = {1},
    month = {1},
    pages = {1--10},
    volume = {2018},
    publisher = {SpringerOpen},
    url = {https://advancesindifferenceequations.springeropen.com/articles/10.1186/s13662-018-1466-5},
    doi = {10.1186/S13662-018-1466-5},
    issn = {1687-1847},
    keywords = {Analysis, Difference and Functional Equations, Functional Analysis, Mathematics, Ordinary Differential Equations, Partial Differential Equations, general}
}

@book{Kloeden2011NumericalEquations,
    title = {{Numerical Solution of Stochastic Differential Equations}},
    year = {2011},
    author = {Kloeden, Peter E and Platen, Eckhard and Kloeden, Peter E},
    publisher = {Springer Berlin / Heidelberg},
    url = {http://ebookcentral.proquest.com/lib/bham/detail.action?docID=3099793},
    address = {Berlin, Heidelberg, GERMANY},
    isbn = {9783662126165},
    keywords = {Stochastic differential equations--Numerical solut}
}

@article{Lemons1998Paul1908,
    title = {{Paul Langevin’s 1908 paper “On the Theory of Brownian Motion” [“Sur la th{\'{e}}orie du mouvement brownien,” C. R. Acad. Sci. (Paris) 146, 530–533 (1908)]}},
    year = {1998},
    journal = {American Journal of Physics},
    author = {Lemons, Don S. and Gythiel, Anthony},
    number = {11},
    month = {6},
    pages = {1079},
    volume = {65},
    publisher = {American Association of Physics TeachersAAPT},
    url = {https://aapt.scitation.org/doi/abs/10.1119/1.18725},
    doi = {10.1119/1.18725},
    issn = {0002-9505},
    keywords = {01.30, 01.65, 05.40, Brownian motion, teaching}
}

@article{Obousy2008PuttingDrive,
    title = {{Putting the Warp into Warp Drive}},
    year = {2008},
    author = {Obousy, Richard K and Cleaver, Gerald},
    month = {7},
    url = {http://arxiv.org/abs/0807.1957},
    arxivId = {0807.1957}
}

@article{Shankar2015RadialStokeslets,
    title = {{Radial basis function (RBF)-based parametric models for closed and open curves within the method of regularized stokeslets}},
    year = {2015},
    journal = {International Journal for Numerical Methods in Fluids},
    author = {Shankar, Varun and Olson, Sarah D.},
    number = {6},
    month = {10},
    pages = {269--289},
    volume = {79},
    publisher = {John Wiley {\&} Sons, Ltd},
    url = {https://onlinelibrary.wiley.com/doi/full/10.1002/fld.4048 https://onlinelibrary.wiley.com/doi/abs/10.1002/fld.4048 https://onlinelibrary.wiley.com/doi/10.1002/fld.4048},
    doi = {10.1002/FLD.4048},
    issn = {1097-0363},
    keywords = {immersed boundary, parametric model, radial basis functions, regularized stokeslet}
}

@article{Leimkuhler2013RationalSampling,
    title = {{Rational construction of stochastic numerical methods for molecular sampling}},
    year = {2013},
    journal = {Applied Mathematics Research eXpress},
    author = {Leimkuhler, Benedict and Matthews, Charles},
    doi = {10.1093/amrx/abs010},
    issn = {16871200},
    arxivId = {1203.5428}
}

@article{Leimkuhler2013RobustDynamics,
    title = {{Robust and efficient configurational molecular sampling via Langevin dynamics}},
    year = {2013},
    journal = {Journal of Chemical Physics},
    author = {Leimkuhler, Benedict and Matthews, Charles},
    doi = {10.1063/1.4802990},
    issn = {00219606},
    arxivId = {1304.3269}
}

@article{Shardlow2006SplittingDynamics,
    title = {{Splitting for Dissipative Particle Dynamics}},
    year = {2006},
    author = {Shardlow, Tony},
    number = {4},
    month = {7},
    pages = {1267--1282},
    volume = {24},
    publisher = {Society for Industrial and Applied Mathematics},
    url = {https://epubs.siam.org/page/terms},
    doi = {10.1137/S1064827501392879},
    keywords = {60H10, 82C80, molecular dynamics, numerical methods, stochastic differential equations}
}

@article{Brunger1984StochasticWater,
    title = {{Stochastic boundary conditions for molecular dynamics simulations of ST2 water}},
    year = {1984},
    journal = {Chemical Physics Letters},
    author = {Br{\"{u}}nger, Axel and Brooks, Charles L. and Karplus, Martin},
    number = {5},
    month = {3},
    pages = {495--500},
    volume = {105},
    publisher = {North-Holland},
    doi = {10.1016/0009-2614(84)80098-6},
    issn = {0009-2614}
}

@book{G.N.Milstein2004StochasticPhsycis,
    title = {{Stochastic Numerics for Mathematical Phsycis}},
    year = {2004},
    author = {G.N. Milstein, M.V. Tretyakov},
    pages = {159--170},
    url = {http://www.amazon.co.uk/Stochastic-Numerics-Mathematical-Scientific-Computation/dp/3540211101},
    isbn = {3540211101}
}

@misc{Leech1966ThePhysics,
    title = {{The Feynman Lectures on Physics}},
    year = {1966},
    booktitle = {Physics Bulletin},
    author = {Leech, J W},
    editor = {Leighton, Robert B and Sands, Matthew L (Matthew Linzee)},
    edition = {Definitive},
    number = {10},
    pages = {367--367},
    volume = {17},
    publisher = {San Francisco, Calif. },
    address = {San Francisco, Calif. },
    doi = {10.1088/0031-9112/17/10/010},
    issn = {0031-9112},
    keywords = {Physics}
}

@article{Shang2020TimeNumbers,
    title = {{Time correlation functions of equilibrium and nonequilibrium langevin dynamics: Derivations and numerics using random numbers}},
    year = {2020},
    journal = {SIAM Review},
    author = {Shang, Xiaocheng and Kroger, Martin},
    number = {4},
    month = {11},
    pages = {901--935},
    volume = {62},
    publisher = {Society for Industrial and Applied Mathematics},
    url = {https://doi.org/10.1137/19M1255471},
    doi = {10.1137/19M1255471},
    issn = {00361445},
    arxivId = {1810.12650},
    keywords = {Brownian/Langevin dynam-ics, Harmonic oscillator, Nonequilibrium, Numerical integration, Stochastic differential equations, Time correlation functions}
}

@article{Sugiyamal2008TrafficJam,
    title = {{Traffic jams without bottlenecks-experimental evidence for the physical mechanism of the formation of a jam}},
    year = {2008},
    journal = {New Journal of Physics},
    author = {Sugiyamal, Yuki and Fukui, Minoru and Kikuchi, Macoto and Hasebe, Katsuya and Nakayama, Akihiro and Nishinari, Katsuhiro and Tadaki, Shin Ichi and Yukawa, Satoshi},
    month = {3},
    volume = {10},
    url = {https://www.researchgate.net/publication/228692769_Traffic_jams_without_bottlenecks_-_experimental_evidence_for_the_physical_mechanism_of_the_formation_of_a_jam},
    doi = {10.1088/1367-2630/10/3/033001},
    issn = {13672630}
}